@misc{sefery,
	title={Sefer {Y}etzirah},
	author={{Unknown - Possibly Abraham}},
	url={https://www.sefaria.org/Sefer_Yetzirah.4.12?lang=bi&with=all&lang2=en}
}

@book{mordell1914origin,
	title={The origin of letters and numerals: according to the Sefer Yetzirah},
	author={Mordell, Phineas},
	year={1914},
	publisher={P. Mordell}
}

@misc{turner2020flowers,
	title={Flowers and the Fibonacci Sequence},
	author={Turner, Susie},
	year={2020},
	month={April},
	publisher={Montana Naturalist},
	howpublished={\url{https://www.montananaturalist.org/blog-post/flowers-the-fibonacci-sequence/}},
	note={Accessed: 2025-06-11}
}