@misc{py-list-source,
	title={listobject.c},
	author={Python Devs},
	url={https://github.com/python/cpython/blob/main/Objects/listobject.c/}
}

